<?xml version="1.0" encoding="UTF-8"?><record xmlns="http://www.loc.gov/MARC21/slim" xmlns:cinclude="http://apache.org/cocoon/include/1.0" xmlns:zs="http://www.loc.gov/zing/srw/">
  <leader>00537nz  a2200157n  4500</leader>
  <controlfield tag="001">no2009042678</controlfield>
  <controlfield tag="003">DLC</controlfield>
  <controlfield tag="005">20090321075536.0</controlfield>
  <controlfield tag="008">090319n| acannaabn          |a aaa     c</controlfield>
  <datafield tag="010" ind1=" " ind2=" ">
    <subfield code="a">no2009042678</subfield>
  </datafield>
  <datafield tag="035" ind1=" " ind2=" ">
    <subfield code="a">(OCoLC)oca08050676</subfield>
  </datafield>
  <datafield tag="040" ind1=" " ind2=" ">
    <subfield code="a">SaPrUSA</subfield>
    <subfield code="b">eng</subfield>
    <subfield code="c">SaPrUSA</subfield>
  </datafield>
  <datafield tag="100" ind1="1" ind2=" ">
    <subfield code="a">Smith, W. Thomas</subfield>
    <subfield code="q">(Walter Thomas),</subfield>
    <subfield code="d">1923-</subfield>
  </datafield>
  <datafield tag="400" ind1="1" ind2=" ">
    <subfield code="a">Smith, Walter Thomas,</subfield>
    <subfield code="d">1923-</subfield>
  </datafield>
  <datafield tag="670" ind1=" " ind2=" ">
    <subfield code="a">Recent advances in neuropathology, 1982:</subfield>
    <subfield code="b">t.p. (W. Thomas Smith, ed.)</subfield>
  </datafield>
  <datafield tag="670" ind1=" " ind2=" ">
    <subfield code="a">OCLC, Mar. 17, 2009</subfield>
    <subfield code="b">(hdg.: Smith, Walter Thomas, 1923-; usage: W. Thomas Smith)</subfield>
  </datafield>
</record>